@book{aimodaproach,
		author    = "Stuart Russell, Peter Norvig",
		title     = "Artificial Intelligence: A Modern Approach, Fourth Edition",
		publisher = "IEEE Intelligent Systems",
		year      = "2021"
}

@misc{ wiki:latex,
       author = "Wikipedia",
       title = "LaTeX --- Wikipedia{,} La enciclopedia libre",
       year = "2015",
       url = "https://es.wikipedia.org/w/index.php?title=LaTeX&oldid=84209252",
       note = "[Internet; descargado 30-septiembre-2015]"
}


@misc{ f1:f1,
       author = "Formula 1®",
       title = "FORMULA 1 - The Pinnacle of Motorsport",
       year = "2023",
       url = "https://corp.formula1.com/",
       note = "[Internet; descargado 18-abril-2023]"
}

@misc{ pythonhistory,
       author = "Python Software Foundation",
       title = "Historia y licencia",
       year = "2023",
       url = "https://docs.python.org/3/license.html",
       note = "[Internet; descargado 19-abril-2023]"
}

@misc{ python,
       author = "Python Software Foundation",
       title = "Preguntas frecuentes generales sobre Python",
       year = "2023",
       url = "https://docs.python.org/es/3/faq/general.html#why-was-python-created-in-the-first-place",
       note = "[Internet; descargado 19-abril-2023]"
}

@misc{ pythonuse,
       author = "Datademia",
       title = "¿Qué lenguajes de programación deberías conocer en 2022?",
       year = "2023",
       url = "https://datademia.es/blog/que-lenguajes-de-programacion-deberias-conocer-en-2022",
       note = "[Internet; accedido 19-abril-2023]"
}


@article{art:predictmodel,
  title="An Introductory Review of Deep Learning for Prediction Models With Big Data",
  author="Emmert-Streib F and Yang Z and Feng H and Tripathi S and Dehmer M",
  journal="Front. Artif. Intell.",
  volume="3",
  pages="4",
  year="2020",
  publisher="Frontiers",
  doi="10.3389/frai.2020.00004"
}

@misc{ eargast:API,
       author = "Ergast Developer API",
       title = "API Documentation",
       year = "2023",
       url = "https://ergast.com/mrd/",
       note = "[Internet; descargado 12-junio-2023]"
}

@misc{ reddit:f1teamhistory,
       author = "User of Reddit",
       title = "History of F1 team ownership in one graphic",
       year = "2023",
       url = "https://www.reddit.com/r/formula1/comments/2z8ahb/history_of_f1_team_ownership_in_one_graphic/",
       note = "[Internet; descargado 13-junio-2023]"
}