@misc{ salariogob,
    author = {Gobierno de Españá},
	title = {Bases y tipos de cotización 2023},
    year = "2023",
	url = {https://www.seg-social.es/wps/portal/wss/internet/Trabajadores/CotizacionRecaudacionTrabajadores/36537}
}

@misc{ ieee830,
    author = "IEEE",
	title = {IEEE-STD-830-1998 : ESPECIFICACIONES DE LOS REQUISITOS DEL
 SOFTWARE},
 year = "2010",
	url = {https://www.ctr.unican.es/asignaturas/is1/IEEE830_esp.pdf}
}

@misc{ irpfgob,
    author = {Agencia Tributaria},
	title = {Principales novedades tributarias introducidas por la Ley 11/2020, de Presupuestos Generales del Estado para 2021 (BOE de 31 de diciembre)},
    year = "2021",
	url = {https://www.agenciatributaria.es/AEAT.internet/Inicio/_componentes_/_Le_interesa_conocer/Historico/2021/Principales_novedades_tributarias_introducidas_por_la_Ley_11_2020__de_Presupuestos_Generales_del_Estado_para_2021__BOE_de_31_de_diciembre_.shtml}
}

@misc{ gnulicensecomp,
    author = {GNU},
	title = {Lista de licencias con comentarios},
    year = "2023",
	url = {https://www.gnu.org/licenses/license-list.es.html}
}

@misc{ vscforlinux,
    author = {Microsoft},
	title = {Visual Studio Code on Raspberry Pi},
    year = "2023",
	url = {https://code.visualstudio.com/docs/setup/linux}
}