@book{aimodaproach,
		author    = "Stuart Russell, Peter Norvig",
		title     = "Artificial Intelligence: A Modern Approach, Fourth Edition",
		publisher = "IEEE Intelligent Systems",
		year      = "2021"
}

@book{machinelearning,
		author    = "Zhi-Hua Zhou",
		title     = "Machine Learning",
		publisher = "Springer",
		year      = "2021"
}

@misc{ wiki:latex,
       author = "Wikipedia",
       title = "LaTeX --- Wikipedia{,} La enciclopedia libre",
       year = "2015",
       url = "https://es.wikipedia.org/w/index.php?title=LaTeX&oldid=84209252",
       note = "[Internet; descargado 30-septiembre-2015]"
}


@misc{ f1:f1,
       author = "Formula 1®",
       title = "FORMULA 1 - The Pinnacle of Motorsport",
       year = "2023",
       url = "https://corp.formula1.com/",
       note = "[Internet; descargado 18-abril-2023]"
}

@misc{ pythonhistory,
       author = "Python Software Foundation",
       title = "Historia y licencia",
       year = "2023",
       url = "https://docs.python.org/3/license.html",
       note = "[Internet; descargado 19-abril-2023]"
}

@misc{ python,
       author = "Python Software Foundation",
       title = "Preguntas frecuentes generales sobre Python",
       year = "2023",
       url = "https://docs.python.org/es/3/faq/general.html#why-was-python-created-in-the-first-place",
       note = "[Internet; descargado 19-abril-2023]"
}

@misc{ pythonuse,
       author = "Datademia",
       title = "¿Qué lenguajes de programación deberías conocer en 2022?",
       year = "2023",
       url = "https://datademia.es/blog/que-lenguajes-de-programacion-deberias-conocer-en-2022",
       note = "[Internet; accedido 19-abril-2023]"
}


@article{art:predictmodel,
  title="An Introductory Review of Deep Learning for Prediction Models With Big Data",
  author="Emmert-Streib F and Yang Z and Feng H and Tripathi S and Dehmer M",
  journal="Front. Artif. Intell.",
  volume="3",
  pages="4",
  year="2020",
  publisher="Frontiers",
  doi="10.3389/frai.2020.00004"
}

@article{art:impactmissdata,
  title="The impact of missing data on machine learning models: a comparative study",
  author="S. Chen and C. A. Dembia and C. R. Landis and M. J. Mckenna and C. J. Deemer and I. Allison",
  year="2019",
  publisher="BMC Medical Research Methodology",
  doi="10.1186/s12874-019-0684-1"
}

@misc{ eargast:API,
       author = "Ergast Developer API",
       title = "API Documentation",
       year = "2023",
       url = "https://ergast.com/mrd/",
       note = "[Internet; descargado 12-junio-2023]"
}

@misc{ reddit:f1teamhistory,
       author = "User of Reddit",
       title = "History of F1 team ownership in one graphic",
       year = "2023",
       url = "https://www.reddit.com/r/formula1/comments/2z8ahb/history_of_f1_team_ownership_in_one_graphic/",
       note = "[Internet; descargado 13-junio-2023]"
}

@misc{ sklearn:randomforestregressor,
       author = "Scikit-learn",
       title = "sklearn.ensemble.RandomForestRegressor",
       year = "2023",
       url = "https://scikit-learn.org/stable/modules/generated/sklearn.ensemble.RandomForestRegressor.html",
       note = "[Internet; descargado 22-junio-2023]"
}

@misc{ sklearn:decisiontreeregressor,
       author = "Scikit-learn",
       title = "sklearn.ensemble.DecisionTreeRegressor",
       year = "2023",
       url = "https://scikit-learn.org/stable/modules/generated/sklearn.tree.DecisionTreeRegressor.html",
       note = "[Internet; descargado 22-junio-2023]"
}

@misc{ python:joblib,
       author = "Joblib",
       title = "Joblib: running Python functions as pipeline jobs",
       year = "2023",
       url = "https://joblib.readthedocs.io/en/latest/index.html#module-joblib",
       note = "[Internet; descargado 25-junio-2023]"
}

@misc{ python:tkinter,
       author = "Python Software Foundation",
       title = "tkinter — Interface de Python para Tcl/Tk",
       year = "2023",
       url = "https://docs.python.org/es/3/library/tkinter.html",
       note = "[Internet; descargado 26-junio-2023]"
}

@misc{ riverbankcomputing:pyqt,
       author = "Riverbank Computing Limited",
       title = "What is PyQt?",
       year = "2023",
       url = "https://riverbankcomputing.com/software/pyqt/",
       note = "[Internet; descargado 26-junio-2023]"
}

@misc{ wxpython:wxpython,
       author = "The wxPython Team",
       title = "Overview of wxPython",
       year = "2023",
       url = "https://www.wxpython.org/pages/overview/",
       note = "[Internet; descargado 26-junio-2023]"
}

@misc{ sklearn:traintestsplit,
       author = "Scikit-learn",
       title = "sklearn.modelselection.traintestsplit",
       year = "2023",
       url = "https://scikit-learn.org/stable/modules/generated/sklearn.model_selection.train_test_split.html",
       note = "[Internet; descargado 26-junio-2023]"
}

@misc{ towardsdatascience:f1veronigro,
       author = "Veronica Nigro",
       title = "Formula 1 Race Predictor - A machine learning approach to predict the winner of the next F1 Grand Prix",
       publisher = "Towards Data Science",
       year = "2020",
       url = "https://towardsdatascience.com/formula-1-race-predictor-5d4bfae887da",
       note = "[Internet; descargado 27-junio-2023]"
}
